@article{cntr,
	title = {Real time finger tracking and contour detection for gesture recognition using openCV},
	author = {Ruchi Manish Gurav, Premanand K. Kadbe},
	year = {2015},
	month = {July}
},

@article{survey,
  title = {Gesture recognition: A Survey},
  journal={IEEE Transactions},
  year = {2007},
},

@article{vision,
	title = {Vision based Hand Gesture recognition for Human Computer Interaction},
	author={Radhika Bhatt, Nikita Fernandes, Archana Dhage},
	year={2013},
	month={May},
}
@article{bank,
 title ={Banking Security System using Hand Gesture Recognition},
 journal={IEEE},
 year={2015},
},
% , "A Review Of Vision Based Hand Gestures Recognition", , vol. 2, no. 2, pp. 405-410, Julyâ€“December 2009.
@article{review,
title = {A review of vision based hand gestures recognition},
author = {G. R. S. Murthy, R. S. Jadon},
journal = {International Journal of Information Technology and Knowledge Management},
year={2009}}